@misc{data,
author = {Jessica Li},
year={2019},
title = {UCI ML Drug Review dataset - Version 2},
note = {Available at \url{https://www.kaggle.com/jessicali9530/kuc-hackathon-winter-2018}, version 1.6.0}
} 

@article{wright1921correlation,
  title={Correlation and causation},
  author={Wright, Sewall},
  year={1921}
}

@article{randomForest,
  added-at = {2015-04-15T08:57:31.000+0200},
  author = {Breiman, Leo},
  biburl = {https://www.bibsonomy.org/bibtex/2b8187107bf870043f2f93669958858f1/kdepublication},
  description = {Random Forests - Springer},
  doi = {10.1023/A:1010933404324},
  issn = {0885-6125},
  journal = {Machine Learning},
  url = {http://dx.doi.org/10.1023/A\%3A1010933404324},
  volume = 45,
  year = 2001
}

@InProceedings{mnb,
author="Kibriya, Ashraf M.
and Frank, Eibe
and Pfahringer, Bernhard
and Holmes, Geoffrey",
editor="Webb, Geoffrey I.
and Yu, Xinghuo",
title="Multinomial Naive Bayes for Text Categorization Revisited",
booktitle="AI 2004: Advances in Artificial Intelligence",
year="2005",
publisher="Springer Berlin Heidelberg",
address="Berlin, Heidelberg",
pages="488--499",
}

@article{xgboost,
   title={XGBoost},
   url={http://dx.doi.org/10.1145/2939672.2939785},
   DOI={10.1145/2939672.2939785},
   journal={Proceedings of the 22nd ACM SIGKDD International Conference on Knowledge Discovery and Data Mining},
   publisher={ACM},
   author={Chen, Tianqi and Guestrin, Carlos},
   year={2016},
   month={Aug}
}

@Inbook{tfidf,
author ="Sammut, Claude
and Webb, Geoffrey I.",
title={TF--IDF},
bookTitle="Encyclopedia of Machine Learning",
year="2010",
publisher="Springer US",
address="Boston, MA",
pages="986--987",
isbn="978-0-387-30164-8",
doi="10.1007/978-0-387-30164-8_832",
url="https://doi.org/10.1007/978-0-387-30164-8_832"
}


